<?xml version="1.0" encoding="UTF-8"?><collection xmlns="http://www.loc.gov/MARC21/slim"><record><leader>00673nam--2200181-u-4500</leader><controlfield tag="001">000051451</controlfield><controlfield tag="002">20161230</controlfield><controlfield tag="005">20170119000214</controlfield><controlfield tag="008">080717s1000------------r-----000-0-eng-d</controlfield><datafield ind1=" " ind2=" " tag="040"><subfield code="a">IFIN-HH</subfield></datafield><datafield ind1=" " ind2=" " tag="080"><subfield code="a">517.2:517.3</subfield></datafield><datafield ind1="1" ind2=" " tag="100"><subfield code="a">Bucur, Gh</subfield></datafield><datafield ind1="1" ind2="0" tag="245"><subfield code="a">Culegere de probleme de calcul diferential integral</subfield><subfield code="b">III Functii cu variatie marginita, Integrala Stieltjes, Curbe, Integral curbilinie, integrala dubla pe domenii compacte, integrala dubla pe domenii necompacte, serii trigonometrice</subfield><subfield code="c">Gh. Bucur; E. Campu; S. Gaina</subfield></datafield><datafield ind1=" " ind2=" " tag="260"><subfield code="a">Bucuresti</subfield><subfield code="b">Editura Tehnica</subfield><subfield code="c">1967</subfield></datafield><datafield ind1=" " ind2=" " tag="300"><subfield code="a">424 p</subfield></datafield><datafield ind1="1" ind2=" " tag="700"><subfield code="a">Gaina, S</subfield></datafield><datafield ind1=" " ind2=" " tag="852"><subfield code="a">27758</subfield><subfield code="c">517.2/3</subfield></datafield><datafield ind1=" " ind2=" " tag="CAT"><subfield code="a">SYS</subfield><subfield code="c">20170119</subfield><subfield code="h">000214</subfield></datafield></record></collection>